<record><leader>00000cas a2200000 a 4500</leader><controlfield tag="001">12258612</controlfield><controlfield tag="008">850712c19549999ksuwr ne      0    0eng d</controlfield><controlfield tag="009">3789</controlfield><datafield ind1=" " ind2=" " tag="010"><subfield code="a">sn 85029443 </subfield></datafield><datafield ind1=" " ind2=" " tag="040"><subfield code="a">KSH</subfield><subfield code="b">eng</subfield><subfield code="c">KSH</subfield><subfield code="d">NPT</subfield><subfield code="d">DLC</subfield><subfield code="d">OCL</subfield></datafield><datafield ind1=" " ind2=" " tag="042"><subfield code="a">msc</subfield></datafield><datafield ind1="0" ind2="0" tag="050"><subfield code="a">Newspaper 7803-X</subfield></datafield><datafield ind1="0" ind2="0" tag="245"><subfield code="a">Natoma-Luray independent.</subfield></datafield><datafield ind1="0" ind2="0" tag="246"><subfield code="a">Natoma Luray independent</subfield></datafield><datafield ind1=" " ind2=" " tag="260"><subfield code="a">Natoma, Kan. :</subfield><subfield code="b">The Natoma Pub. Co.,</subfield><subfield code="c">1954-</subfield></datafield><datafield ind1=" " ind2=" " tag="300"><subfield code="a">v. :</subfield><subfield code="b">ill. ;</subfield><subfield code="c">57 cm.</subfield></datafield><datafield ind1=" " ind2=" " tag="310"><subfield code="a">Weekly</subfield></datafield><datafield ind1="0" ind2=" " tag="362"><subfield code="a">Vol. 1, no. 1 (Feb. 4, 1954)-</subfield></datafield><datafield ind1=" " ind2=" " tag="500"><subfield code="a">Publisher varies.</subfield></datafield><datafield ind1=" " ind2=" " tag="500"><subfield code="a">"Independent."</subfield></datafield><datafield ind1=" " ind2=" " tag="752"><subfield code="a">United States</subfield><subfield code="b">Kansas</subfield><subfield code="c">Osborne</subfield><subfield code="d">Natoma.</subfield></datafield><datafield ind1="0" ind2="4" tag="780"><subfield code="t">Natoma independent</subfield><subfield code="w">(DLC)sn 85029441</subfield></datafield><datafield ind1="0" ind2="4" tag="780"><subfield code="t">Luray herald</subfield><subfield code="w">(OCoLC)8801506</subfield></datafield></record>